<record xmlns="http://www.openarchives.org/OAI/2.0/" xmlns:xsi="http://www.w3.org/2001/XMLSchema-instance"><header><identifier>oai:alma.34CSIC_INST:990012277200204201</identifier><datestamp>2020-02-06T08:41:03Z</datestamp><setSpec>manuscripta</setSpec></header><metadata><record xmlns="http://www.loc.gov/MARC21/slim" xmlns:xsi="http://www.w3.org/2001/XMLSchema-instance" xsi:schemaLocation="http://www.loc.gov/MARC21/slim http://www.loc.gov/standards/marcxml/schema/MARC21slim.xsd"><leader>06898ntm a2200589 i 4500</leader><controlfield tag="005">20181031100350.0</controlfield><controlfield tag="008">100406q1587    sp            000 0 ara d</controlfield><controlfield tag="001">990012277200204201</controlfield><datafield tag="035" ind1=" " ind2=" "><subfield code="a">CSIC001227720</subfield></datafield><datafield tag="035" ind1=" " ind2=" "><subfield code="a">(ES-MaCSI)001227720MAD01-Aleph</subfield></datafield><datafield tag="035" ind1=" " ind2=" "><subfield code="a">(OCoLC)1123836689
</subfield></datafield><datafield tag="040" ind1=" " ind2=" "><subfield code="a">ES-MaCSI</subfield><subfield code="b">spa</subfield></datafield><datafield tag="080" ind1=" " ind2=" "><subfield code="a">091(=411.21)</subfield></datafield><datafield tag="080" ind1=" " ind2=" "><subfield code="a">821.411.21-34</subfield></datafield><datafield tag="245" ind1="1" ind2="0"><subfield code="a">[Narraciones y leyendas]</subfield><subfield code="h">[Manuscrito]</subfield></datafield><datafield tag="260" ind1=" " ind2=" "><subfield code="a">[S.l.],</subfield><subfield code="c">1587 (anotación en hoja de guarda).</subfield></datafield><datafield tag="300" ind1=" " ind2=" "><subfield code="a">173 ff. (Una col., 17 líneas por pág.) :</subfield><subfield code="b">Papel ;</subfield><subfield code="c">28 x 21,5 cm (caja: 22 x 16 cm).</subfield></datafield><datafield tag="490" ind1="0" ind2=" "><subfield code="a">Manuscripta</subfield></datafield><datafield tag="500" ind1=" " ind2=" "><subfield code="a">Incipit: (بعد البسملة). حَدِسُنُشْ اَسَد فِخُ ذَا مُوسَى بُّرْ خَالد فِجُ ذَا عَبْدُاَلله [...] ذِيشُ ءَالْ بِّرِمَارُ اَلنَّبِي كَا ءَانْبِيُ اَلله</subfield></datafield><datafield tag="500" ind1=" " ind2=" "><subfield code="a">Explicit: اِ اَ شُ ءَاشْكُجَّذُرْ اِاَتُذُشْ لُشْ مُسْلِمَاشْ اِ مُسْلِمَشْ اَلُشْ كَارَايَانْتَاشْ اِكَارَايَانْتَشْ اَلُشْ بِبُشْ اِاَلُشْ مُوَارْتُشْ دَالَلُمَّ دَا مُحَمَّد</subfield></datafield><datafield tag="500" ind1=" " ind2=" "><subfield code="a">Tinta, Marrón oscura para el ductus y roja para las cenefas, vocalización y realce de escritura.</subfield></datafield><datafield tag="500" ind1=" " ind2=" "><subfield code="a">Copista: Desconocido.</subfield></datafield><datafield tag="500" ind1=" " ind2=" "><subfield code="a">Colofón: No.</subfield></datafield><datafield tag="500" ind1=" " ind2=" "><subfield code="a">Características especiales: No.</subfield></datafield><datafield tag="500" ind1=" " ind2=" "><subfield code="a">Ilustraciones: Cenefas simples que marcan división de capítulos, no siempre coloreadas. Motivos geométricos.</subfield></datafield><datafield tag="500" ind1=" " ind2=" "><subfield code="a">Tipo de cuaderno: Quinión, sexternos, septernos, octonión.</subfield></datafield><datafield tag="500" ind1=" " ind2=" "><subfield code="a">Deterioros: Tinta metalogálica, que impide la buena lectura de muchos folios, al traspasar la tinta de un lado al otro de la hoja. La humedad y el fuego han afectado al comienzo y final del códice, especialmente en la parte inferior; en los últimos ff., la parte inferior de la hoja ha desaparecido.</subfield></datafield><datafield tag="500" ind1=" " ind2=" "><subfield code="a">H. en blanco: 1r, 135v, 136r.</subfield></datafield><datafield tag="500" ind1=" " ind2=" "><subfield code="a">H. dañadas, mutiladas, sueltas: Ninguna.</subfield></datafield><datafield tag="500" ind1=" " ind2=" "><subfield code="a">H. faltan o añadidas: Ninguna.</subfield></datafield><datafield tag="500" ind1=" " ind2=" "><subfield code="a">Foliación: 1-172. Foliación moderna, a lápiz, en el margen superior externo e interno (alternante) de los 6 primeros folios, y desde ahí hasta el final, en el margen superior externo del verso. Se repite el f. 25.</subfield></datafield><datafield tag="500" ind1=" " ind2=" "><subfield code="a">Reclamos: Prácticamente no se aprecia, por los desperfectos que presenta el códice en la parte inferior. Parece que hubo en horizontal, en el verso del último folio de cada cuaderno.</subfield></datafield><datafield tag="500" ind1=" " ind2=" "><subfield code="a">Signatura de cuaderno: No.</subfield></datafield><datafield tag="500" ind1=" " ind2=" "><subfield code="a">Pautado: A punta seca. Difícil de apreciar.</subfield></datafield><datafield tag="500" ind1=" " ind2=" "><subfield code="a">Filigrana: Racimo de uvas.</subfield></datafield><datafield tag="500" ind1=" " ind2=" "><subfield code="a">Signatura antigua: Junta 57</subfield></datafield><datafield tag="500" ind1=" " ind2=" "><subfield code="a">Anotaciones: En el margen externo: inserciones de texto que falta y anotaciones parciales. Anotaciones de otras manos en hojas de guarda.</subfield></datafield><datafield tag="510" ind1="3" ind2=" "><subfield code="a">Descripción: Julián Ribera y Miguel Asín, Manuscritos árabes y aljamiados de la Biblioteca de la Junta, Madrid, Junta para Ampliación de Estudios e Investigaciones Científicas, 1912, pp. 203-204.</subfield></datafield><datafield tag="510" ind1="4" ind2=" "><subfield code="a">Bibliografía: A. Vespertino Rodríguez, “Las figuras de Jesús y María en la literatura aljamiado-morisca”, en Actas del Coloquio internacional sobre Literatura aljamiada y morisca, Madrid, CLEAM, 1978, pp. 259-294. M. Ruisánchez, El recontamiento de la Doncella Arcayona (tres versiones aljamiado-moriscas: mss. J. 3, J. 55 y BNM 5313), trabajo de investigación de tercer ciclo inédito, Oviedo, 1990. J. C. Busto Cortina, “La historia de la doncella de las manos cortadas (AT-706: The Maiden without hands) entre la tradición oriental y occidental”, en Corona Spicea in memoriam Cristóbal Rodríguez Alonso, Oviedo, Universidad, 1999, pp. 383-416.</subfield></datafield><datafield tag="520" ind1="2" ind2=" "><subfield code="a">Alhadiz de Nuh. Capítulo de Buluqiya. El recontamiento de la donzella de Carcayciona. Alhadiz del nacimiento de Iça. Declaración del subimiento del anabí a los cielos. [Alfadilas]. El recontamiento de la cibdad del aranbre. Alhadiz del día del juicio</subfield></datafield><datafield tag="530" ind1=" " ind2=" "><subfield code="a">María Pilar Martínez Olmo, Colección de manuscritos árabes y aljamiados de la Biblioteca del Instituto de Filología del CSIC [recurso electrónico]: los manuscritos de la Junta, Madrid, CSIC, 1998, 4 Cd-Rom.</subfield></datafield><datafield tag="541" ind1=" " ind2=" "><subfield code="a">Procedencia: Almonacid de la Sierra.</subfield><subfield code="d">Ingreso: Junio de 1910.</subfield></datafield><datafield tag="546" ind1=" " ind2=" "><subfield code="a">Aljamía y árabe</subfield><subfield code="b">con escrituta magrebí</subfield></datafield><datafield tag="563" ind1=" " ind2=" "><subfield code="a">No se conserva. Lomo con tres nudos sobre tira de cuero y dos cadenetas. Restos de arpillera con papel pegado.</subfield></datafield><datafield tag="594" ind1=" " ind2="1"><subfield code="a">Responsabilidad desconocida</subfield></datafield><datafield tag="595" ind1=" " ind2=" "><subfield code="a">Touria Mauries Boumehdi, Una miscelánea aljamiada narrativa doctrinal. Edición y estudio del manuscrito J57 del CSIC, Madrid, Toulouse, tesis doctoral inédita, 2009.</subfield></datafield><datafield tag="650" ind1=" " ind2="7"><subfield code="a">Manuscritos árabes.</subfield><subfield code="2">CSICAU</subfield></datafield><datafield tag="650" ind1=" " ind2="7"><subfield code="a">Manuscritos aljamiados.</subfield><subfield code="2">CSICAU</subfield></datafield><datafield tag="650" ind1=" " ind2="7"><subfield code="a">Literatura árabe.</subfield><subfield code="2">CSICAU</subfield></datafield><datafield tag="830" ind1=" " ind2="0"><subfield code="a">Manuscripta</subfield></datafield><datafield tag="856" ind1="4" ind2="1"><subfield code="u">http://aleph.csic.es/imagenes/mad01/0006_PMSC/P_001227720_651310_V00.pdf</subfield><subfield code="z">Descargar Pdf completo (23M)</subfield><subfield code="m">CSIC</subfield></datafield><datafield tag="856" ind1="4" ind2="1"><subfield code="u">http://simurg.bibliotecas.csic.es/viewer/image/CSIC001227720/1/</subfield><subfield code="z">Ver texto completo en SIMURG, el portal de fondos digitalizados del CSIC</subfield><subfield code="m">CSIC</subfield></datafield><datafield tag="856" ind1="4" ind2="1"><subfield code="u">http://aleph.csic.es/imagenes/mad01/0006_PMSC/html/001227720.html</subfield><subfield code="z">Ver texto completo en Bookreader</subfield></datafield></record></metadata></record>